@other{sup,
      title  = "Supernova",
      note   = "\url{https://en.wikipedia.org/wiki/Supernova}",
      year   = "Accedé le 29 Novembre 2018"
    }

@other{supth,
      title  = "Supernova thermonucléaire",
      note   = "\url{https://fr.wikipedia.org/wiki/Supernova_thermonucléaire}",
      year   = "Accedé le 29 Novembre 2018"
    }

@other{sup1a,
      title  = "Type Ia supernova",
      note   = "\url{https://en.wikipedia.org/wiki/Type_Ia_supernova}",
      year   = "Accedé le 29 Novembre 2018"
    }

@other{supec,
      title  = "Supernova à effondrement de cœur",
      note   = "\url{https://fr.wikipedia.org/wiki/Supernova_à_effondrement_de_coeur}",
      year   = "Accedé le 29 Novembre 2018"
    }

@other{sup2,
      title  = "Type II supernova",
      note   = "\url{https://en.wikipedia.org/wiki/Type_II_supernova}",
      year   = "Accedé le 29 Novembre 2018"
    }

@other{dwarf
      title = "White dwarf",
      note  = "\url{https://en.wikipedia.org/wiki/White_dwarf#Formation}",
      year   = "Accedé le 29 Novembre 2018"
}

@other{fusion
      title = "Stellar nucleosynthesis",
      note = "\url{https://en.wikipedia.org/wiki/Stellar_nucleosynthesis}",
      year   = "Accedé le 29 Novembre 2018"
}
